@article{AIAYN,
  author  = {A. Vaswani and N. Shazeer and N. Parmar and J. Uszkoreit and L. Jones and A. N. Gomez and Ł. Kaiser and I. Polosukhin},
  title   = {{A}ttention is {A}ll {Y}ou {N}eed},
  year    = {2017},
  journal = {{N}eural {I}nformation {P}rocessing {S}ystems},
  volume  = {30},
  pages   = {6000-6010}
}

@article{LayerNorm,
  author  = {L. J. Ba and J. R. Kiros and G. E. Hinton},
  title   = {{L}ayer {N}ormalization},
  year    = {2016},
  journal = {arXiv:1607.06450v1 [stat.ML]}
}

@article{ResExp,
  author  = {D. F. N. Oliveira and L. F. Vismari and A. M. Nascimento and J. R. de Almeida Jr and P. S. Cugnasca and J. B. Camargo Jr and L. Almeida and R. Gripp and M. Neves},
  title   = {{A} {N}ew {I}nterpretable {U}nsupervised {A}nomaly {D}etection {M}ethod {B}ased on {R}esidual
             {E}xplanation},
  year    = {2021},
  journal = {	arXiv:2103.07953 [cs.LG]}
}

@article{Dropout,
  author  = {N. Srivastava and G. Hinton and A.Krizhevsky and I. Sutskever and R. Salakhutdinov},
  title   = {{D}ropout {A} {S}imple {W}ay to {P}revent {N}eural {N}etworks from {O}verfitting},
  year    = {2014},
  journal = {{J}ournal of {M}achine {L}earning {R}eseach},
  volume  = {15},
  number  = {56},
  pages   = {1929-1958}
}

@article{BERT,
  author  = {J. Devlin AND M-W. Chang and K. Lee and K. Toutanova},
  title   = {BERT: {P}re-{T}raining of {D}eep {B}idirectional {T}ransformers for {L}anguage {U}nderstanding},
  year    = {2019},
  journal = {NAACL-HLT},
  volume  = {1},
  pages   = {4171-4186}
}

@article{BatchNorm,
  author  = {S. Ioffe and C. Szegedy},
  title   = {{B}atch {N}ormalization: {A}ccelerating {D}eep {N}etwork {T}raining by {R}educing {I}nternal {C}ovariate {S}hift},
  year    = {2015},
  journal = {ICML'15: Proceedings of the 32nd International Conference on International Conference on Machine Learning},
  volume  = {37},
  pages   = {448–456}
}

@article{AeInterp,
  author  = {L. Antwarg and R. M. Miller and B. Shapira and L. Rokach},
  title   = {{E}xplaining {A}nomalies {D}etected by {A}utoencoders using {S}hapley {A}dditive {E}xplanations},
  year    = {2021},
  journal = {{E}xpert {S}ystems with {A}pplications},
  volume  = {186}
}

@article{SHAP,
  author  = {S. M. Lundberg and S. Lee},
  title   = {{A} {U}nified {A}pproach to {I}nterpreting {M}odel {P}redictions},
  year    = {2017},
  journal = {NIPS'17: Proceedings of the 31st International Conference on Neural Information Processing},
  volume  = {31},
  pages   = {4768-4777}
}